<?xml version="1.0" encoding="UTF-8"?>

<marc21:record xmlns:marc21="http://www.loc.gov/MARC21/slim" xmlns:xsi="http://www.w3.org/2001/XMLSchema-instance" xsi:schemaLocation="http://www.loc.gov/MARC21/slim http://www.loc.gov/standards/marcxml/schema/MARC21slim.xsd">
  <marc21:leader>05847nam a22008177a 4500</marc21:leader>
  <marc21:controlfield tag="001">001049446</marc21:controlfield>
  <marc21:controlfield tag="003">CZ BrMZK</marc21:controlfield>
  <marc21:controlfield tag="005">20090109101525.0</marc21:controlfield>
  <marc21:controlfield tag="007">ta</marc21:controlfield>
  <marc21:controlfield tag="008">070517s1665 ne ac fr|||||00| ||latod</marc21:controlfield>
  <marc21:datafield tag="040" ind1=" " ind2=" ">
    <marc21:subfield code="a">BOA001</marc21:subfield>
    <marc21:subfield code="b">cze</marc21:subfield>
  </marc21:datafield>
  <marc21:datafield tag="041" ind1="0" ind2=" ">
    <marc21:subfield code="a">lat</marc21:subfield>
    <marc21:subfield code="a">cze</marc21:subfield>
  </marc21:datafield>
  <marc21:datafield tag="072" ind1=" " ind2="7">
    <marc21:subfield code="a">094</marc21:subfield>
    <marc21:subfield code="x">Staré tisky</marc21:subfield>
    <marc21:subfield code="2">Konspekt</marc21:subfield>
    <marc21:subfield code="9">12</marc21:subfield>
  </marc21:datafield>
  <marc21:datafield tag="080" ind1=" " ind2=" ">
    <marc21:subfield code="a">025.171</marc21:subfield>
    <marc21:subfield code="2">MRF</marc21:subfield>
  </marc21:datafield>
  <marc21:datafield tag="100" ind1="1" ind2=" ">
    <marc21:subfield code="a">Komenský, Jan Amos,</marc21:subfield>
    <marc21:subfield code="d">1592-1670</marc21:subfield>
    <marc21:subfield code="7">jk01061444</marc21:subfield>
    <marc21:subfield code="4">aut</marc21:subfield>
  </marc21:datafield>
  <marc21:datafield tag="245" ind1="1" ind2="0">
    <marc21:subfield code="a">Lux E Tenebris, novis radiis aucta :</marc21:subfield>
    <marc21:subfield code="b">Hoc est: Solemnissimae Divinae Revelationes, in usum seculi nostri factae. Qvibus I. De Populi Christiani extrema corruptione lamentabiles qverelae instiuuntur. II. Impaenitentibusqve terribiles Dei plagae denuntiantur. III. Et qvomodo tandem Deus (deleta Pseudo-Christianorum, Judaeorum, Turcarum, Paganorum, &amp; omnium sub Coelo Gentium Babylone) novam, vere Catholicam, donoru Dei luce plene coruscante Ecclesiam constituent; et qvis jam status ejus futurus sit ad finem usque seculi, explicatur. Per immissas Visiones, &amp; Angelica Divinaqve alloqvia, facta I Christophoro Kottero Silesio, ab Anno 1616, ad 1624. II. Christinae Poniatoviae Bohemae, Annis 1627, 1628, 1629. III. Nicolao Drabicio Moravo, ab Anno 1638, ad 1664. Cum privilegio Regis Regum, &amp; sub favore omnium Regum Terrae, recudendi haec ubiubi gentium, donec omnia reddantur nota omnibus sub Coelo populis &amp; lingvis</marc21:subfield>
  </marc21:datafield>
  <marc21:datafield tag="260" ind1=" " ind2=" ">
    <marc21:subfield code="a">[Lugduni Batavorum :</marc21:subfield>
    <marc21:subfield code="b">s.n.],</marc21:subfield>
    <marc21:subfield code="c">1665</marc21:subfield>
  </marc21:datafield>
  <marc21:datafield tag="300" ind1=" " ind2=" ">
    <marc21:subfield code="a">48, 92 s., [1] příl. ;</marc21:subfield>
    <marc21:subfield code="c">4°</marc21:subfield>
  </marc21:datafield>
  <marc21:datafield tag="500" ind1=" " ind2=" ">
    <marc21:subfield code="a">Výzdoba: mědirytinové přílohy (předtitul, portréty Kottera, Poniatovské, Drabíka, v P.4. mezi s. 472/473), v P.2. mědirytiny v textu s. 27, 32, 33, 39, 41, 44, 50, 55, 59, 61, 62, 64, 68, 73, 87, 103, 104, 105, 119, 137, 138, iniciály, vlys, viněty (na s. 48 úvodní části a konci Indexu otevřená kniha Alpha &amp; Omega a složený monogram), v P.4. s. 117 tisk not</marc21:subfield>
  </marc21:datafield>
  <marc21:datafield tag="501" ind1=" " ind2=" ">
    <marc21:subfield code="a">Obsahuje: Přívazek 1, Voluminis Prophetici ... / J. A. Komenský. -- Přívazek 2, Angelus Pacis ... / J. A. Komenský</marc21:subfield>
  </marc21:datafield>
  <marc21:datafield tag="505" ind1="0" ind2=" ">
    <marc21:subfield code="a">Přítisk 1, Revelationes Christophoro Kottero Civi &amp; Alutario Sprottaviensi, Ab anno 1616 ad annum 1624, factae, Ex originali fideliter in Latinum translatae, historiaqve &amp; Tabulis Chorographicis, ac utilibus subinde adjectis Notis, illustrarae. -- 1664. -- 168 s., [1] příl.</marc21:subfield>
  </marc21:datafield>
  <marc21:datafield tag="505" ind1="0" ind2=" ">
    <marc21:subfield code="a">Přítisk 2, Revelationes Christinae Poniatoviae Anni 1627, 1628, 1629, factae, Fideliter ex proprio Virginis manuscripto Bohemico in Latinum translatae; interspersaque rerum istarum historica narratione illustrate, &amp; denuo recusae. -- 1664. -- 164 s., [1] příl.</marc21:subfield>
  </marc21:datafield>
  <marc21:datafield tag="505" ind1="0" ind2=" ">
    <marc21:subfield code="a">Přítisk 3, Revelationes Nicolao Drabicio Moravo, V. D. M. factae, Ab Anno 1628, ad 1664. Ex originali fideliter in Latinum translatae. -- 535, [1] s., [1] příl.</marc21:subfield>
  </marc21:datafield>
  <marc21:datafield tag="505" ind1="0" ind2=" ">
    <marc21:subfield code="a">Přítisk 4, Index super Librum e Tenebris ... -- 55 s.</marc21:subfield>
  </marc21:datafield>
  <marc21:datafield tag="510" ind1="3" ind2=" ">
    <marc21:subfield code="a">DNB</marc21:subfield>
  </marc21:datafield>
  <marc21:datafield tag="510" ind1="3" ind2=" ">
    <marc21:subfield code="a">ADB &amp; NDB</marc21:subfield>
  </marc21:datafield>
  <marc21:datafield tag="510" ind1="4" ind2=" ">
    <marc21:subfield code="a">SDK,</marc21:subfield>
    <marc21:subfield code="c">740</marc21:subfield>
  </marc21:datafield>
  <marc21:datafield tag="510" ind1="4" ind2=" ">
    <marc21:subfield code="a">Vobr. Dílo J. A. Komenského,</marc21:subfield>
    <marc21:subfield code="c">252</marc21:subfield>
  </marc21:datafield>
  <marc21:datafield tag="546" ind1=" " ind2=" ">
    <marc21:subfield code="a">Česká věta v Revelationes Chr. Poniatoviae, s. 83</marc21:subfield>
  </marc21:datafield>
  <marc21:datafield tag="561" ind1=" " ind2=" ">
    <marc21:subfield code="a">Provenience: Gekauft zu Amsterdam bei dem Antiquar-Buchhandler u. Bibliothekar d. Menonniten Fried. Muller d. 26. 8br 1847</marc21:subfield>
  </marc21:datafield>
  <marc21:datafield tag="561" ind1=" " ind2=" ">
    <marc21:subfield code="a">Provenience: (mědirytinové erbovní exlibris) Friedrich Graf Sylva Tarouca</marc21:subfield>
  </marc21:datafield>
  <marc21:datafield tag="561" ind1=" " ind2=" ">
    <marc21:subfield code="a">Provenience: (razítko) Franzmuseum D.K.K.M.S. Ackerbaugesellschaft s pozn. knihovníka: Ein sehr seltenes Werk, nicht in Ebert verzeichet [!] ... Albin H. [=Heinrich]</marc21:subfield>
  </marc21:datafield>
  <marc21:datafield tag="563" ind1=" " ind2=" ">
    <marc21:subfield code="a">Původní pergamenová vazba se slepotiskovou výzdobou, orámování z dvoulinek, uprostřed obou desek rolverkové dominanty, kosodélníkové kartuše s drobným rostlinným ornamentem a prázdnými oválnými zrcadly</marc21:subfield>
  </marc21:datafield>
  <marc21:datafield tag="648" ind1=" " ind2="7">
    <marc21:subfield code="a">1651-1700</marc21:subfield>
    <marc21:subfield code="2">czenas</marc21:subfield>
  </marc21:datafield>
  <marc21:datafield tag="650" ind1="0" ind2="7">
    <marc21:subfield code="a">historické knihovní fondy</marc21:subfield>
    <marc21:subfield code="2">czenas</marc21:subfield>
  </marc21:datafield>
  <marc21:datafield tag="655" ind1=" " ind2="7">
    <marc21:subfield code="a">staré tisky</marc21:subfield>
    <marc21:subfield code="2">czenas</marc21:subfield>
  </marc21:datafield>
  <marc21:datafield tag="700" ind1="1" ind2=" ">
    <marc21:subfield code="a">Komenský, Jan Amos,</marc21:subfield>
    <marc21:subfield code="d">1592-1670.</marc21:subfield>
    <marc21:subfield code="t">Revelace</marc21:subfield>
  </marc21:datafield>
  <marc21:datafield tag="700" ind1="1" ind2=" ">
    <marc21:subfield code="a">Kotter, Christoph,</marc21:subfield>
    <marc21:subfield code="d">1595-1647</marc21:subfield>
    <marc21:subfield code="7">mzk2007395168</marc21:subfield>
    <marc21:subfield code="4">aut</marc21:subfield>
  </marc21:datafield>
  <marc21:datafield tag="700" ind1="1" ind2=" ">
    <marc21:subfield code="a">Poniatowska, Krystyna,</marc21:subfield>
    <marc21:subfield code="d">1610-1644</marc21:subfield>
    <marc21:subfield code="7">mzk2007395167</marc21:subfield>
    <marc21:subfield code="4">aut</marc21:subfield>
  </marc21:datafield>
  <marc21:datafield tag="700" ind1="1" ind2=" ">
    <marc21:subfield code="a">Drabík, Mikuláš,</marc21:subfield>
    <marc21:subfield code="d">1588-1671</marc21:subfield>
    <marc21:subfield code="7">jk01022939</marc21:subfield>
    <marc21:subfield code="4">aut</marc21:subfield>
  </marc21:datafield>
  <marc21:datafield tag="740" ind1="0" ind2="2">
    <marc21:subfield code="a">Lux E Tenebris. Tenebris, humanarum abominatium, Divinarumque plagarum: Lux Divinarum Consolationum, glorioseque reflorescentis Ecclesiae</marc21:subfield>
  </marc21:datafield>
  <marc21:datafield tag="740" ind1="0" ind2="2">
    <marc21:subfield code="a">Revelationes Christophoro Kottero Civi &amp; Alutario Sprottaviensi, Ab anno 1616 ad annum 1624, factae, Ex originali fideliter in Latinum translatae, historiaqve &amp; Tabulis Chorographicis, ac utilibus subinde adjectis Notis, illustrarae</marc21:subfield>
  </marc21:datafield>
  <marc21:datafield tag="740" ind1="0" ind2="2">
    <marc21:subfield code="a">Revelationes Christinae Poniatoviae Anni 1627, 1628, 1629, factae, Fideliter ex proprio Virginis manuscripto Bohemico in Latinum translatae; interspersaque rerum istarum historica narratione illustrate, &amp; denuo recusae</marc21:subfield>
  </marc21:datafield>
  <marc21:datafield tag="740" ind1="0" ind2="2">
    <marc21:subfield code="a">Revelationes Nicolao Drabicio Moravo, V. D. M. factae, Ab Anno 1628, ad 1664. Ex originali fideliter in Latinum translatae</marc21:subfield>
  </marc21:datafield>
  <marc21:datafield tag="740" ind1="0" ind2="2">
    <marc21:subfield code="a">Index super Librum e Tenebris</marc21:subfield>
  </marc21:datafield>
  <marc21:datafield tag="910" ind1=" " ind2=" ">
    <marc21:subfield code="b">Ks-0001.633</marc21:subfield>
  </marc21:datafield>
  <marc21:datafield tag="978" ind1=" " ind2=" ">
    <marc21:subfield code="a">S.n.</marc21:subfield>
    <marc21:subfield code="c">Leiden</marc21:subfield>
    <marc21:subfield code="f">1665</marc21:subfield>
  </marc21:datafield>
  <marc21:datafield tag="984" ind1=" " ind2=" ">
    <marc21:subfield code="a">Leiden</marc21:subfield>
    <marc21:subfield code="b">Nizozemsko</marc21:subfield>
  </marc21:datafield>
  <marc21:datafield tag="990" ind1=" " ind2=" ">
    <marc21:subfield code="a">001049446</marc21:subfield>
  </marc21:datafield>
  <marc21:datafield tag="CAT" ind1=" " ind2=" ">
    <marc21:subfield code="a">BARPRE</marc21:subfield>
    <marc21:subfield code="b">50</marc21:subfield>
    <marc21:subfield code="c">20070517</marc21:subfield>
    <marc21:subfield code="l">MZK03</marc21:subfield>
    <marc21:subfield code="h">0938</marc21:subfield>
  </marc21:datafield>
  <marc21:datafield tag="CAT" ind1=" " ind2=" ">
    <marc21:subfield code="a">BATCH-UPD</marc21:subfield>
    <marc21:subfield code="b">50</marc21:subfield>
    <marc21:subfield code="c">20070517</marc21:subfield>
    <marc21:subfield code="l">MZK03</marc21:subfield>
    <marc21:subfield code="h">0939</marc21:subfield>
  </marc21:datafield>
  <marc21:datafield tag="CAT" ind1=" " ind2=" ">
    <marc21:subfield code="a">BARPRE</marc21:subfield>
    <marc21:subfield code="b">50</marc21:subfield>
    <marc21:subfield code="c">20070517</marc21:subfield>
    <marc21:subfield code="l">MZK03</marc21:subfield>
    <marc21:subfield code="h">0944</marc21:subfield>
  </marc21:datafield>
  <marc21:datafield tag="CAT" ind1=" " ind2=" ">
    <marc21:subfield code="a">BARPRE</marc21:subfield>
    <marc21:subfield code="b">50</marc21:subfield>
    <marc21:subfield code="c">20070517</marc21:subfield>
    <marc21:subfield code="l">MZK03</marc21:subfield>
    <marc21:subfield code="h">1001</marc21:subfield>
  </marc21:datafield>
  <marc21:datafield tag="CAT" ind1=" " ind2=" ">
    <marc21:subfield code="a">BARPRE</marc21:subfield>
    <marc21:subfield code="b">50</marc21:subfield>
    <marc21:subfield code="c">20070517</marc21:subfield>
    <marc21:subfield code="l">MZK03</marc21:subfield>
    <marc21:subfield code="h">1200</marc21:subfield>
  </marc21:datafield>
  <marc21:datafield tag="CAT" ind1=" " ind2=" ">
    <marc21:subfield code="a">BARPRE</marc21:subfield>
    <marc21:subfield code="b">50</marc21:subfield>
    <marc21:subfield code="c">20070518</marc21:subfield>
    <marc21:subfield code="l">MZK03</marc21:subfield>
    <marc21:subfield code="h">1337</marc21:subfield>
  </marc21:datafield>
  <marc21:datafield tag="CAT" ind1=" " ind2=" ">
    <marc21:subfield code="a">BARPRE</marc21:subfield>
    <marc21:subfield code="b">50</marc21:subfield>
    <marc21:subfield code="c">20070523</marc21:subfield>
    <marc21:subfield code="l">MZK03</marc21:subfield>
    <marc21:subfield code="h">1416</marc21:subfield>
  </marc21:datafield>
  <marc21:datafield tag="CAT" ind1=" " ind2=" ">
    <marc21:subfield code="a">BARPRE</marc21:subfield>
    <marc21:subfield code="b">50</marc21:subfield>
    <marc21:subfield code="c">20070614</marc21:subfield>
    <marc21:subfield code="l">MZK03</marc21:subfield>
    <marc21:subfield code="h">1227</marc21:subfield>
  </marc21:datafield>
  <marc21:datafield tag="CAT" ind1=" " ind2=" ">
    <marc21:subfield code="a">BARPRE</marc21:subfield>
    <marc21:subfield code="b">50</marc21:subfield>
    <marc21:subfield code="c">20070614</marc21:subfield>
    <marc21:subfield code="l">MZK03</marc21:subfield>
    <marc21:subfield code="h">1236</marc21:subfield>
  </marc21:datafield>
  <marc21:datafield tag="CAT" ind1=" " ind2=" ">
    <marc21:subfield code="a">BARPRE</marc21:subfield>
    <marc21:subfield code="b">50</marc21:subfield>
    <marc21:subfield code="c">20071212</marc21:subfield>
    <marc21:subfield code="l">MZK03</marc21:subfield>
    <marc21:subfield code="h">1058</marc21:subfield>
  </marc21:datafield>
  <marc21:datafield tag="CAT" ind1=" " ind2=" ">
    <marc21:subfield code="c">20080514</marc21:subfield>
    <marc21:subfield code="l">MZK03</marc21:subfield>
    <marc21:subfield code="h">1635</marc21:subfield>
  </marc21:datafield>
  <marc21:datafield tag="CAT" ind1=" " ind2=" ">
    <marc21:subfield code="c">20080516</marc21:subfield>
    <marc21:subfield code="l">MZK03</marc21:subfield>
    <marc21:subfield code="h">1714</marc21:subfield>
  </marc21:datafield>
  <marc21:datafield tag="CAT" ind1=" " ind2=" ">
    <marc21:subfield code="c">20080930</marc21:subfield>
    <marc21:subfield code="l">MZK03</marc21:subfield>
    <marc21:subfield code="h">1223</marc21:subfield>
  </marc21:datafield>
  <marc21:datafield tag="CAT" ind1=" " ind2=" ">
    <marc21:subfield code="a">BARPRE</marc21:subfield>
    <marc21:subfield code="b">50</marc21:subfield>
    <marc21:subfield code="c">20090109</marc21:subfield>
    <marc21:subfield code="l">MZK03</marc21:subfield>
    <marc21:subfield code="h">1015</marc21:subfield>
  </marc21:datafield>
  <marc21:datafield tag="CAT" ind1=" " ind2=" ">
    <marc21:subfield code="a">MACHJI</marc21:subfield>
    <marc21:subfield code="b">50</marc21:subfield>
    <marc21:subfield code="c">20090217</marc21:subfield>
    <marc21:subfield code="l">MZK03</marc21:subfield>
    <marc21:subfield code="h">1031</marc21:subfield>
  </marc21:datafield>
  <marc21:datafield tag="CAT" ind1=" " ind2=" ">
    <marc21:subfield code="c">20090220</marc21:subfield>
    <marc21:subfield code="l">MZK03</marc21:subfield>
    <marc21:subfield code="h">1115</marc21:subfield>
  </marc21:datafield>
  <marc21:datafield tag="CAT" ind1=" " ind2=" ">
    <marc21:subfield code="c">20090220</marc21:subfield>
    <marc21:subfield code="l">MZK03</marc21:subfield>
    <marc21:subfield code="h">1116</marc21:subfield>
  </marc21:datafield>
  <marc21:datafield tag="MNS" ind1=" " ind2=" ">
    <marc21:subfield code="a">20080515</marc21:subfield>
  </marc21:datafield>
  <marc21:datafield tag="PRU" ind1=" " ind2=" ">
    <marc21:subfield code="a">VZST 070517 PB</marc21:subfield>
  </marc21:datafield>
  <marc21:datafield tag="SGG" ind1=" " ind2=" ">
    <marc21:subfield code="a">0001.633</marc21:subfield>
  </marc21:datafield>
  <marc21:datafield tag="SKC" ind1=" " ind2=" ">
    <marc21:subfield code="a">20080514</marc21:subfield>
  </marc21:datafield>
</marc21:record>
